1523 2912
210 159 446 257 frat-

13 307 15 310 ⁸
58 323 106 375 libri
121 323 179 385 parte
193 315 278 379 penitus
293 317 456 368 abscindereturi
476 314 540 377 Quod
548 328 614 381 quarm
623 327 678 365 con-

3 393 5 395 ’
59 396 131 450 tendo,
145 406 190 443 non
203 406 278 440 vereor
292 408 320 439 ne
335 389 412 456 aliquis
427 388 581 455 imprudentius
590 387 674 438 [dictum
714 440 716 447 ‚

59 477 132 536 putet,
148 463 173 512 vsi
185 485 186 488 ¹
196 464 249 510 forte
270 466 292 511 in
313 464 575 527 interpolationespostea
584 462 676 519 incidat,

60 551 95 589 aut
117 539 139 585 in
162 552 230 584 unum
250 537 369 586 alterumve
383 536 493 584 turbatum
508 538 587 601 locum.
619 537 678 598 Cum

61 614 117 662 enim
138 608 218 672 absque
241 609 344 657 miraculo
366 610 403 659 rix
429 611 476 657 fieri
497 601 561 673 posse
580 609 679 666 videtur,

61 685 111 751 quin
127 691 243 747 utrumque
257 683 280 729 in
292 683 346 744 libro
356 692 450 750 occurrat
458 681 617 747 antiquissimo,
629 692 677 737 tum

60 773 122 808 nemo
143 755 264 809 litterarum
284 757 320 805 rel
346 758 471 804 Latinarum
494 756 528 813 nel
544 756 679 808 'Graecarum
700 758 701 761 ’

60 847 102 880 non
112 829 175 893 plane
188 844 262 891 expers
277 829 343 876 nescit
348 830 478 910 ,plerosque
492 835 588 888 auctores
603 843 627 873 ea
642 843 679 873 ra-

61 906 116 953 tione
131 898 226 949 turbatos
240 902 313 951 fuisse.
336 902 380 951 Sed
391 901 461 950 haec
454 918 498 949 ram
502 901 618 949 sufficiant
635 901 679 988 Arl

60 994 105 1023 rem
119 976 189 1040 ipsam
203 967 343 1025 transeamus.
386 1010 388 1016 ι
441 1025 442 1029 ,

85 1050 192 1105 Versatur
211 1056 296 1113 noster
305 1051 328 1097 in
351 1049 471 1097 enarrandis
493 1049 557 1098 rebus
577 1049 639 1096 Palae
640 1047 681 1096 su'-

59 1123 129 1171 nensis
144 1132 224 1182 terrae,
246 1133 303 1178 trans
318 1123 435 1172 Jordanem
455 1123 522 1182 sitae,
545 1123 611 1170 losua
626 1122 680 1181 duce

5 1242 7 1244 ,
58 1197 84 1244 ab
98 1197 200 1249 Israelitis
216 1202 353 1261 expugnatae.
385 1196 440 1244 Tres
454 1195 576 1243 inseruntur
590 1197 681 1249 narrati-

58 1285 125 1328 ones,
140 1287 232 1335 quarum
246 1271 316 1334 prima
333 1269 361 1316 de
375 1269 501 1321 circumciso
517 1268 597 1334 populo
612 1269 681 1315 aliena

60 1343 147 1407 quidem
162 1343 189 1388 ab
204 1349 332 1407 argumento
345 1340 445 1400 vridetur,
465 1342 535 1406 neque
549 1350 620 1387 tamen
635 1343 681 1387 sine
713 1384 715 1388 ,

60 1430 120 1461 causa
142 1414 223 1462 adiecta
244 1414 300 1473 fuir,
324 1431 393 1479 quum
414 1414 566 1478 rehus'aptius
590 1411 682 1461 connec-

61 1486 128 1535 temfis
150 1487 264 1549 inserviat,
287 1487 341 1535 duae
356 1487 422 1544 aliae,
435 1487 471 1534 ιιι
487 1487 596 1551 sacrilegio
611 1486 682 1537 Acha-

9 1567 16 1607 ,ᾖ
62 1560 92 1605 nis
114 1568 135 1623 et
157 1559 184 1606 rlc
199 1559 413 1624 doloGiheon'itico,
436 1558 578 1606 arctiuscum
593 1558 682 1607 historia

3 1649 5 1673 1
62 1633 359 1697 expugnationis-coniunctae
374 1639 431 1681 sunt.
466 1632 684 1698 Deniquescrr'ptor,
744 1683 748 1688 ,

2 1767 4 1769 p
62 1722 105 1768 quo
125 1705 243 1755 absolveret
263 1722 318 1769 opus
339 1721 413 1762 suum,
435 1704 458 1751 in
480 1705 523 1751 fine
545 1721 590 1751 non
609 1707 682 1756 solum

63 1777 197 1826 devictarum
217 1779 311 1827 aJosua
333 1778 420 1826 urbium
432 1772 564 1846 catalogum
586 1780 683 1844 addidit,

62 1867 138 1898 rerum
166 1854 232 1903 etiam
259 1837 498 1916 Trausjordaniticarum
520 1853 617 1901 tribuum
647 1856 684 1903 di-

62 1923 143 1971 tionem
158 1925 209 1975 leri
200 1935 232 1974 er
251 1926 393 1975 adumbravit.
420 1926 505 1984 Hic,
498 1924 601 1991 mquam,
616 1946 684 1978 unam

0 2013 1 2016 ¹
63 1994 127 2044 habes
142 1998 305 2064 absolutamque
324 1998 473 2046 narrationem.
506 2000 567 2058 Quae
587 2017 684 2066 sequun-

63 2077 100 2122 tur
121 2071 183 2118 facile
204 2080 291 2136 apparet
313 2088 352 2118 ea
351 2070 404 2118 hue
430 2089 475 2120 non
495 2089 559 2138 posce
587 2077 685 2140 pertine-

1 2160 3 2162 *
64 2157 93 2189 re.
123 2145 208 2192 Etenim
224 2146 285 2193 intuo
293 2145 378 2210 'Capitis
386 2145 446 2194 XIII
459 2154 544 2209 tempus
557 2150 685 2210 respicitur,

4 2254 6 2257 ,
66 2228 108 2276 quo
128 2234 247 2283 pemragna
265 2218 336 2275 adhuc
349 2217 477 2300 Palaestinae
491 2233 540 2282 pars
555 2218 686 2272 devincenda

66 2295 117 2337 erat.
146 2292 226 2342 Noster
242 2301 321 2349 jtauem
343 2291 417 2357 prius
425 2308 491 2358 quam
505 2291 687 2359 Transjordaniti

8 2379 9 2382 ¹
66 2377 101 2407 cae
116 2365 210 2437 regionis
223 2366 386 2431 descriptionem
408 2367 519 2431 attingeret
538 2378 559 2417 et
574 2381 623 2436 cap
623 2389 686 2422 orum
701 2423 706 2427 ,,

66 2436 175 2487 civitatum
189 2441 216 2489 arl
231 2442 310 2490 calcem
325 2441 446 2506 catalogum
460 2440 558 2500 adderet,
573 2446 687 2509 narrationi
706 2490 710 2498 .

3 2542 5 2546 ⁴
66 2508 149 2555 finem
142 2524 283 2577 imposuerat,
300 2514 332 2560 lns
340 2513 414 2561 diens
431 2506 687 2608 ‹roccupavititaqnelo

70 2596 107 2634 sua
121 2594 207 2634 omnem
219 2588 343 2679 regionem.
345 2588 458 2662 'Accedit
449 2588 525 2653 tquorl
511 2591 602 2653 (prima
612 2596 669 2659 capit
669 2599 687 2646 is

635 2670 686 2717 XIII
