1523 2912
70 1003 109 1031 uae
124 986 147 1042 in
129 967 225 1031 huius
241 986 391 1063 disputationis
407 971 495 1031 introitu
509 998 650 1053 praemontn

2 1086 3 1089 ¹
27 1067 52 1113 da
73 1067 190 1125 habemus,
217 1084 243 1120 ea
265 1068 308 1114 huc
329 1051 400 1113 soluni
422 1067 533 1133 spectant,
557 1073 582 1129 ut
599 1066 652 1142 eius

27 1137 137 1195 consilium
153 1157 174 1195 er
188 1139 240 1194 ratio
256 1140 394 1210 declaretur
417 1158 419 1163 ‘

57 1216 301 1292 Notumtest,supe1ior1
296 1229 399 1281 saeculo
407 1238 429 1277 et
439 1237 510 1275 nostra
520 1210 652 1296 etiamnunc

2 1332 3 1335 ¹
27 1313 102 1370 aetate,
124 1312 178 1357 hene
200 1313 281 1366 multos
301 1311 406 1371 exstitisse
427 1294 560 1359 doctissimos
577 1308 652 1380 viros,

28 1399 104 1464 eosque
125 1391 152 1438 de
175 1379 241 1447 literis
264 1388 349 1455 egregie
370 1393 472 1450 meritos,
492 1391 531 1457 qui
553 1408 576 1439 a
587 1389 653 1454 veteri

28 1461 147 1520 abeundum
164 1459 263 1536 putarent
279 1471 392 1532 sententiat,
411 1475 453 1539 qud
468 1474 556 1537 plurimi
569 1457 652 1533 Veteris

0 1555 2 1557 ’
28 1554 124 1602 Foederis
144 1549 207 1601 libii
214 1553 323 1603 historici
334 1555 366 1603 vel
379 1555 413 1621 ab
435 1554 564 1634 aequalibus
578 1570 652 1602 rerum

28 1627 155 1683 narratarum
177 1627 307 1710 conscripti,
310 1623 364 1685 vei
387 1654 412 1684 er
427 1635 580 1710 antiquissimis
596 1620 655 1682 certe

29 1713 73 1764 sont
74 1717 121 1763 ihus
134 1717 243 1781 repetendi
257 1707 402 1771 censebuntur.
456 1772 458 1777 .

58 1792 120 1844 Illi'
114 1809 185 1870 itaque
206 1815 307 1877 carnpum
327 1787 474 1867 Theologiae,
495 1782 597 1849 latissime
611 1818 654 1864 pa-

29 1882 105 1952 tentem
114 1870 230 1942 ‚amplius
246 1883 318 1928 etiam
326 1883 453 1953 dilatarunt,
469 1900 519 1928 cum
535 1884 597 1950 piane
610 1901 654 1928 no-

29 1947 77 2006 ram
96 1961 224 2020 conderent,
246 1946 445 2010 introductionis
438 1980 472 2009 ru
481 1963 545 2009 libros
571 1964 601 2011 V.
624 1963 655 2036 T.
684 1948 703 1955 γ’

29 2035 169 2118 disciplinam.
208 2040 329 2093 Praeiverat
349 2028 436 2110 quidern
456 2043 493 2090 diu
515 2044 577 2103 ante,
606 2033 655 2092 sae-

28 2114 77 2168 uuio
96 2125 179 2173 decimo
195 2132 243 2190 sept
243 2127 287 2174 iuro
306 2120 410 2183 ineunte,
430 2109 547 2174 Ricirardus
563 2118 656 2189 Sirion,

29 2215 78 2248 cuin
96 2205 209 2270 inopere,
232 2196 316 2256 Gallice
331 2210 423 2273 scripto,
444 2208 536 2256 criticum
551 2221 656 2260 enarraret

29 2280 72 2330 hist
63 2285 139 2333 turiani
152 2280 237 2337 Veteris
241 2282 405 2364 Testamenti,
412 2300 461 2357 post
474 2308 551 2356 quern,
563 2310 590 2340 ue
605 2293 657 2342 Hu-

29 2363 111 2427 etiurn,
134 2360 281 2448 Viuingom,
285 2357 393 2420 Clericurn
402 2368 542 2447 ,Spinozam
558 2376 655 2440 aliosque

30 2440 212 2513 commemorem,
239 2453 399 2519 Carpzorius
392 2473 415 2503 1n
435 2473 472 2503 sua
495 2439 656 2506 introductione

30 2527 150 2590 symbolam
173 2534 265 2609 dederat
303 2537 401 2630 Uterque
420 2528 491 2587 tarnen
512 2543 563 2611 cum
578 2542 656 2611 nostris

35 2612 223 2674 nequalibnst
174 2628 199 2666 en
214 2631 298 2669 tanturn
308 2621 395 2670 nornine
405 2621 539 2671 conferrit
501 2638 530 2686 po
530 2631 582 2684 test,
599 2604 660 2710 quod

632 2725 653 2764 IV
