1508 2912
320 182 371 244 -r
392 182 481 243 nr·
515 162 535 220 Γ

99 352 220 402 auctorem,
242 337 311 402 prima
335 338 447 385 duodecIm
466 337 534 402 capita
547 337 627 396 alium,
650 333 716 393 nostra

102 405 153 459 uero
176 411 253 469 talem,
277 410 389 477 qni‘hunc
403 409 443 457 sihi
458 409 587 458 imitandum
601 426 717 475 proposue-
731 408 754 476 2³3,

100 485 142 542 rit,
156 484 215 532 hunc
224 484 252 531 oh
268 486 340 531 oculos
354 483 473 531 halendum
481 483 603 546 putaverit,
618 483 717 533 undesti.

100 557 135 603 lus
147 567 211 622 atque
226 559 292 605 oratio
307 556 400 603 hominis
413 557 506 602 colorem
521 555 585 619 primi
593 573 717 605 mouumen-

100 631 118 676 ti
137 633 284 679 contraxerint.
316 629 373 676 Cum
388 637 460 675 eutem
475 627 501 673 tle
515 628 652 690 fragmentis,
674 630 717 679 loco

101 709 147 748 taur
174 704 237 767 leuge
259 699 352 760 dssitis,
382 701 445 766 longe
467 691 602 749 verisimilior
628 699 718 751 videntur

100 776 218 834 sententia,
237 791 260 821 ec
275 773 363 822 diversis
379 773 533 838 scriptoribus,
554 790 620 838 quam
635 774 751 842 quidem

100 847 140 894 uni
164 864 209 894 esse
223 847 350 906 tribuendo,
371 863 415 893 non
431 863 507 910 operae
521 847 615 912 pretinm
629 864 665 894 me
679 849 719 895 fac·

101 929 174 968 turum
191 921 280 985 putori,
295 912 416 985 siquoqne
430 919 456 966 de
471 920 498 967 iis
513 920 643 981 probarem,
665 920 720 984 puri·

101 994 134 1040 ter
148 1010 172 1039 nc
186 993 213 1040 de
226 993 291 1057 primi
306 991 444 1050 mouumenti.
455 991 573 1058 capitibus,
588 992 613 1040 iu
629 995 720 1042 nonnul·

30 1103 33 1105 -
97 1065 128 1112 lis
148 1083 160 1111 a
179 1066 314 1113 seinvicem
333 1065 370 1111 illa
389 1081 435 1111 csse
455 1065 555 1115 diversa.
583 1066 659 1130 Neque
673 1083 720 1115 vero

100 1139 166 1185 etiam
180 1137 230 1184 hoec
243 1146 302 1183 tauto
316 1145 353 1189 aut
367 1152 464 1184 numero¹
474 1136 610 1200 autpondere
622 1145 683 1191 suut,
699 1149 721 1186 ut

96 1207 179 1273 dignae
200 1207 310 1261 videantur
336 1226 394 1274 qnae>
412 1218 518 1258 notentur.
555 1202 635 1273 ltaque
651 1211 721 1274 potins

99 1282 169 1346 priori
188 1279 254 1328 huius
274 1281 348 1344 cepitis
364 1280 461 1329 Sectione
475 1282 577 1329 nonnulla
598 1281 635 1330 ind
744 1277 748 1281 ’

100 1357 210 1413 feremus,
233 1346 311 1418 quihus
335 1353 400 1401 huius
421 1355 568 1418 ntqne'primi
590 1372 706 1403 monumen

102 1426 249 1478 convenientia
258 1425 335 1471 clara
327 1443 351 1472 ru
363 1428 410 1472 luce
422 1426 543 1474 collocetur.
562 1427 637 1474 Poster

100 1499 227 1550 clarabimus
241 1508 313 1565 nostro
329 1506 437 1546 consuetus
452 1499 530 1545 formas
537 1498 637 1545 dicendi
624 1501 722 1565 ,quibus

97 1589 154 1619 cum
165 1571 226 1622 sibi
219 1586 265 1652 rpse
283 1579 377 1631 constet,
393 1580 441 1617 tum
455 1588 467 1618 n
482 1571 568 1636 reliquis
581 1571 723 1623 diversust
691 1585 723 1623 est

96 1643 255 1691 monumentis.
294 1642 326 1690 Ex
343 1653 469 1708 argumento
488 1660 587 1710 nexuque
601 1648 722 1696 narrationis

102 1718 188 1765 nullum
208 1732 246 1779 pro
266 1718 437 1780 sententiarum
457 1725 606 1783 argumentum
621 1724 665 1785 peti
680 1738 721 1786 po·

100 1798 150 1838 test.
181 1787 303 1836 Consilium
325 1789 382 1835 euim
403 1807 470 1836 unum
486 1791 572 1838 diversis
587 1792 610 1839 iu
627 1795 722 1856 partibus

101 1879 146 1908 non
162 1860 304 1943 conspicitur,
319 1861 382 1907 ultera
394 1861 421 1907 alr
434 1862 496 1909 altera
510 1879 553 1910 nou
565 1864 653 1927 pendet,
668 1878 722 1949 qqnf

102 1943 189 1999 propter
211 1950 235 1980 ea
255 1935 299 1990 iarn
319 1934 432 1999 aliquoties
446 1936 615 2020 fingmentorum
636 1941 722 1988 nomine

102 2006 238 2070 compellavi.
267 2007 350 2052 Ultima
370 2014 415 2053 taut
416 2024 453 2053 um
468 2008 567 2073 vigesimi
581 2012 646 2074 primi
660 2014 722 2098 capi·

103 2080 131 2128 tis
146 2079 203 2136 colu,
226 2076 354 2125 ordinem·
337 2094 355 2126 sr
369 2079 518 2129 cousiderest
509 2090 643 2168 temporum,
657 2086 722 2136 iuvi·

104 2169 152 2200 cern
169 2152 287 2199 cohaerent.

62 2225 64 2228 ’
134 2224 197 2272 Prius
218 2239 271 2278 vero
287 2213 361 2289 quoru
382 2223 446 2273 huius
468 2195 615 2314 disputationis
636 2209 720 2281 initium

101 2301 194 2359 faciam,
217 2297 283 2350 verbo
303 2299 485 2351 menendumt
453 2311 499 2363 cst,
521 2321 549 2352 nc
563 2321 674 2370 cuiquam
678 2309 721 2355 mi·

101 2382 151 2420 r'nm
168 2373 281 2429 videntur,
303 2371 362 2436 quod
376 2374 450 2435 eapitis
465 2376 533 2423 octavi
548 2385 569 2422 et
584 2376 661 2426 decimi
675 2381 727 2428 loco·

101 2443 225 2506 interpolato
245 2459 287 2489 nou
300 2436 366 2501 enter
388 2446 491 2493 tractanda
506 2450 634 2508 sumserint,
656 2469 721 2516 quum
751 2452 754 2490 ἶ

101 2516 129 2564 ad
149 2516 189 2563 hoc
209 2524 374 2573 mouumentum
395 2518 520 2583 transirem3
544 2523 674 2572 mouendum
689 2533 720 2578 est
753 2517 754 2558 Ῐ

94 2591 181 2657 igilur,
202 2606 237 2639 me
258 2588 315 2637 huno
337 2590 391 2640 milri
413 2591 509 2640 ordinem
525 2596 659 2659 proposuisse
674 2614 719 2645 ser-

666 2688 719 2723 vnn-
