1508 2912
325 159 366 220 -ι
399 157 428 205 ce
460 155 502 218 ι..

102 314 216 379 scriptione
238 314 283 362 eius
301 323 323 361 et
342 315 442 379 pristinus
456 329 528 383 rerum
541 319 607 359 status
620 310 719 377 cognosci
750 333 754 379 3*

102 398 189 456 posset,
205 397 226 437 et
240 404 293 453 quas
308 398 381 452 postea
395 388 494 436 subiisset
500 386 642 441 mutationes.¹
659 387 720 446 Qua·

102 459 274 528 propternequc
292 464 355 510 etiam
372 461 425 509 illud
443 462 505 508 n'obis
520 460 593 508 obesse
606 460 721 525 putemus,
752 465 753 469 ’

59 525 61 527 ’
102 534 163 599 quod
170 534 237 581 urbes
242 535 361 600 quaedam,
373 542 434 581 antea
443 533 512 581 Judae
523 534 651 581 adiudicatae
655 547 722 595 ‚pos-

103 618 137 655 tea
149 606 175 654 ad
187 603 270 654 Dancm
283 606 388 654 transiisse
405 605 507 654 dicantur.
519 623 541 656 r.
556 604 609 669 Gap.
624 605 677 651 XV:
694 619 722 649 20

100 695 152 745 sqq.
163 678 220 730 coll.
230 679 296 728 XIX:
309 679 337 729 41
336 678 467 748 sqq(49).
480 680 535 739 Nam
544 678 603 745 quod
615 679 663 726 illae
676 676 723 741 pri—
751 693 754 751 J

103 765 172 799 mum
187 752 211 800 in
233 750 341 818 catalogo
340 753 436 807 urbium
464 743 538 800 Judae
560 760 722 808 recenseantur,

102 833 178 890 postea
193 840 242 873 vcro
257 824 283 872 ah
298 824 372 873 cadem
388 842 453 881 manu
468 827 583 875 Danitiees
589 825 644 873 inter
666 823 722 871 cela·
751 833 754 891 ζ

103 905 144 944 tae
159 899 215 955 sint,
241 897 264 944 id
284 898 463 946 manifestiust
441 897 508 944 ctiam
529 897 640 963 utriusque
659 895 724 942 tehu-

105 966 140 1014 lac
161 968 237 1031 prohat
258 970 418 1029 auctoritatem,
434 968 570 1023 ¹manifestiis
592 969 656 1017 etiam
668 968 724 1030 utri·
753 978 754 1026 j

104 1040 293 1105 usque'originem
308 1036 477 1106 antiquissimam
496 1041 598 1103 declarat,
618 1040 725 1089 verisimi-
752 1044 754 1090 ζ

103 1112 181 1160 liorem
192 1111 287 1179 'denique
301 1113 372 1161 reddit·
384 1109 522 1179 opinionem,
544 1114 567 1161 in
589 1130 656 1180 quam
670 1121 726 1161 utra·
753 1115 754 1157 Ῑ

105 1197 149 1249 que
160 1200 200 1232 nos
212 1184 277 1232 modu
288 1184 371 1235 induxit
389 1197 412 1234 et
429 1189 511 1234 interna
525 1196 645 1235 et'externe
657 1187 725 1233 forma

104 1256 243 1317 tabularum,
263 1253 331 1306 unum
351 1275 397 1305 esse
419 1260 656 1318 omnium'auctor'emt
676 1258 724 1306 Non
753 1272 754 1275 ’

104 1329 185 1376 ιιιιιιιιιι
195 1343 197 1348 “
207 1338 279 1377 autem
302 1329 369 1378 videri
384 1340 474 1395 potest,
497 1333 535 1397 qui
550 1329 724 1400 topographicam‘

105 1401 202 1449 tribuum
213 1401 294 1449 dederit
305 1401 484 1465 descriptionem,
497 1404 596 1451 eumdem
610 1404 725 1450 subiecisse

105 1474 194 1521 urbium
213 1475 289 1539 refugii
309 1474 417 1546 tabulam,
439 1484 546 1524 unacum
562 1477 644 1526 monito
659 1494 683 1524 ea
698 1477 725 1524 de
746 1531 747 1534 Ἰ

106 1563 205 1594 caussae
224 1547 271 1594 Deo
287 1543 409 1611 imperatori
423 1550 484 1599 f.ccto
506 1550 608 1601 Tandem
625 1552 723 1630 scriptor,

106 1635 135 1666 ne
142 1614 221 1683 aliquid
229 1620 337 1669 universae
344 1638 378 1667 rer
369 1619 460 1668 deesse
473 1623 590 1684 videretur,
605 1626 725 1702 catalogum

106 1690 252 1739 Leviticerum
268 1691 356 1739 urbium
373 1692 461 1761 adiecit,
477 1714 530 1759 qnae
538 1698 620 1747 Levitis
631 1716 658 1744 ex
670 1707 725 1761 que-

107 1779 151 1827 que
160 1762 243 1810 tribua
258 1762 337 1822 Josua,
354 1757 495 1816 sacerdotet
474 1777 495 1816 et
509 1769 643 1836 principibus
658 1770 728 1819 tredi-

107 1845 142 1882 tae
164 1840 241 1885 essent.
272 1837 305 1883 Ad
328 1837 423 1885 tabulam
438 1840 529 1906 denique
544 1844 626 1891 Trans·
626 1838 726 1892 Jordani

108 1909 162 1955 tic'ae
182 1907 273 1971 regionis
294 1909 353 1975 qnod
374 1913 467 1996 attinet,
486 1932 540 1980 quae
554 1916 576 1964 ιιι
589 1918 631 1965 fine
646 1917 726 1989 Capitis

108 1979 171 2029 XIII
193 1980 316 2041 exhibetur,
337 1983 365 2031 de
387 1984 461 2033 dle
443 2003 474 2034 sac
488 1990 571 2049 sentin,
593 1992 727 2040 monumenti

107 2053 177 2102 huius
187 2063 314 2114 auctorem,
322 2074 372 2105 cum
380 2091 388 2116 ,
403 2068 511 2110 uturum
526 2080 552 2110 ex
568 2064 612 2111 suis
622 2081 651 2112 ac
665 2083 727 2130 prae-

108 2127 204 2173 centibus
220 2122 330 2191 scripturn
338 2131 439 2189 efficeret,
453 2143 500 2180 tum
515 2139 539 2180 ut
549 2135 677 2183 universum
692 2139 727 2184 di—

109 2196 177 2245 visae
182 2199 313 2272 Palaestinae
328 2211 427 2267 conspect
428 2218 468 2251 um
479 2204 551 2263 daret,
566 2207 625 2256 iliam
641 2210 725 2258 caeteris

105 2272 254 2336 praemisisse,
274 2277 329 2340 quae
344 2273 447 2338 disiuncta
462 2278 556 2327 membra
572 2280 693 2332 deindet
662 2294 693 2332 tot
694 2286 726 2332 ius

100 2342 161 2390 'libri
183 2347 282 2395 collector
297 2347 344 2396 colo
360 2335 404 2409 55,
428 2352 502 2402 veluti
512 2352 598 2402 vincuid
618 2345 726 2422 quodam,

107 2431 163 2465 cnm
172 2417 232 2468 initio
248 2419 318 2486 Capit'
312 2438 330 2470 rs
303 2423 406 2471 tXIV
426 2421 563 2477 coniunxerit.
594 2427 660 2477 Cuius
676 2433 727 2479 iun

687 2507 726 2552 (ιιι-

131 2592 174 2642 [49i
200 2594 242 2635 Vid,
256 2596 364 2649 Eiclrhorn,
377 2601 389 2637 1.
402 2601 413 2638 l.
427 2602 445 2639 in
459 2614 489 2645 nu.
502 2605 520 2643 8.
532 2603 594 2654 §4462
607 2621 624 2660 p.
634 2601 685 2667 555,
697 2610 727 2649 66.

112 2563 312 2574 Μ...-
