1523 2912
238 103 280 178 ἕ(
312 76 346 170 51¹
375 120 416 183 )-’

17 287 78 335 detur
97 284 179 341 accepta
198 270 312 344 referenda.
343 278 361 325 A
376 275 503 324 Masoretbis
517 263 635 325 constanter

17 363 39 408 in
50 344 98 404 Van
112 359 234 397 consuetam
249 355 378 398 mutata'est
387 348 448 410 (56).
491 381 492 385 ,

47 429 125 475 Omnes
145 419 185 469 hae
198 425 284 470 formae
293 457 299 480 ,
309 449 311 468 ;
321 424 400 486 regulis
415 422 564 469 Grammaticis
579 436 634 467 eon-

17 501 99 556 trariae,
113 490 159 541 non
172 494 221 542 alibi
236 493 403 560 apud'Josuam,
421 512 484 560 quam
495 497 518 543 in
530 495 570 542 hoc
583 510 635 541 rno-

18 579 115 624 numento
129 569 272 618 inveniuntur.
299 567 371 615 Habes
386 570 453 643 igitur
467 568 490 615 in
502 561 634 633 quas'incidi

18 643 143 696 diversitates
156 640 317 689 vocabulorum
338 650 370 687 et
379 639 564 713 grammaticarum
587 642 633 688 for-

19 731 144 785 marum,a
132 713 242 776 aquibus
257 712 285 759 ad
301 712 355 809 alias
368 709 481 777 quasdam
486 711 530 759 stili
545 722 566 760 et
581 717 632 761 ore-
658 725 659 729 ’

19 790 77 838 tionis
82 783 293 834 “dtranseundum
261 793 314 833 est.

46 858 102 905 Sic
95 875 118 903 m
133 858 201 903 Josua
216 805 382 920 nuncupando'
375 864 494 904 rneonstans
510 862 582 903 noster
594 848 633 903 est.

20 930 91 994 Gapd·
108 918 313 976 ΙΡίἰίὶιηιΝιιηίε
319 936 387 1003 vocat.
418 930 445 976 In
460 937 547 994 promtu
562 946 636 977 caussa
681 971 682 974 ,

3 1021 4 1024 ’
20 1011 55 1055 est
40 1000 195 1055 ttrilicer'
160 1010 211 1049 trn
227 1003 301 1049 limine
312 997 385 1068 operis
393 1035 401 1060 ,
422 1002 499 1066 quod
493 1019 516 1048 1n
530 1002 593 1048 rebus
608 1002 638 1049 il-

18 1077 57 1124 lias
71 1074 136 1136 gestis
150 1076 247 1138 versatur
262 1075 394 1133 enarrandis,
409 1091 462 1139 gens
477 1092 502 1121 ae
517 1074 577 1141 origo
592 1074 637 1120 im-

18 1146 249 1213 peratoris'indieanda
269 1154 318 1195 erat.
350 1148 386 1194 Sic
408 1149 450 1194 fere
472 1152 548 1195 omnes
568 1147 639 1193 orien-

20 1221 82 1277 tales,
105 1221 157 1283 quin
171 1223 199 1265 'er
214 1219 378 1267 occidentalibus
393 1219 494 1277 multos,‘
509 1236 529 1266 e.
544 1236 566 1281 g.
583 1220 640 1265 Gor-

20 1291 97 1339 nelinm
119 1291 238 1352 Nepotem,¹
253 1291 319 1338 solere
334 1290 471 1338 notissimum
487 1289 525 1340 esti
555 1288 640 1338 trorum

2 1413 3 1416 ,
21 1365 84 1412 dosira
102 1363 163 1411 initio
179 1363 266 1412 secundi
281 1362 356 1429 eapitis
372 1364 552 1412 eodem'nomine'
565 1364 642 1429 appele
693 1407 695 1409 .

21 1437 83 1484 latur:
110 1434 180 1483 Habes
196 1436 266 1483 denuo
281 1436 308 1483 ad
323 1452 411 1483 manum
422 1437 532 1485 rationem.
556 1436 589 1484 Ad
600 1437 642 1484 ali·

23 1526 55 1554 am
69 1525 115 1555 rem
130 1507 205 1569 transit
219 1510 322 1572 scriptor5
336 1508 401 1573 igitur
413 1508 498 1556 honoris
510 1509 578 1558 veluti
590 1525 644 1574 gra-

23 1580 49 1627 tia
63 1580 113 1628 belli
127 1580 172 1629 dux
181 1594 230 1628 ‘non
246 1598 285 1628 suo
301 1582 372 1628 solum
386 1581 473 1644 nomine
490 1581 643 1646 significandus

24 1652 136 1702 videbatur.
165 1654 216 1712 ,Qua
232 1652 258 1700 ad
273 1653 339 1698 finem
354 1654 457 1717 perducta
468 1654 587 1700 narratione
598 1653 641 1699 ite-

24 1724 227 1771 rumdicitJosuam
241 1725 425 1783 Nummium,
440 1724 507 1773 ond.
530 1722 642 1787 Capitibus
677 1783 680 1787 ι

24 1793 65 1841 iam
78 1797 146 1844 tribus
163 1793 300 1861 sequentibus
310 1814 394 1862 semper
407 1797 643 1861 eumsimplieiterlm

25 1883 87 1914 suom
102 1873 192 1920 vocavit.
224 1870 276 1933 Cap.
291 1871 331 1917 VI:
349 1870 363 1917 6
381 1887 431 1919 vero
447 1868 516 1916 media
531 1869 554 1916 in
569 1887 646 1922 narra-

0 1991 2 1993 v
25 1939 80 1987 tione
98 1938 270 2007 patronymicum
289 1942 343 1989 illud
358 1942 445 1990 addidit.
476 1943 552 2007 Itaque
567 1941 607 1990 liae
621 1944 645 1990 in

26 2028 47 2057 re
62 2016 101 2061 sibi
115 2033 233 2081 perparum
247 2024 335 2062 constat.
367 2014 410 2062 Sed
425 2015 478 2063 levis
494 2024 526 2063 est
541 2016 646 2064 momenti

26 2082 76 2131 haee
91 2089 191 2145 varietas,
208 2103 277 2153 neque
291 2087 365 2151 magni
380 2087 480 2137 facienda.

1 2165 3 2167 ’
57 2158 109 2203 Arca
122 2160 225 2218 foederis,
239 2169 297 2224 ‘quae
312 2159 401 2217 dicitur,
416 2158 520 2223 capitibus
536 2159 583 2218 III,
595 2161 646 2218 Ἰν,

27 2225 60 2272 Va
76 2233 156 2294 saepius
171 2240 356 2280 commemoratur.
380 2231 437 2277 Cum
449 2240 521 2277 autem
533 2232 579 2280 sive
592 2232 648 2279 sirn-

2 2330 3 2333 =
27 2298 108 2360 pliciter
121 2322 193 2363 area,
210 2305 255 2352 sive
268 2319 327 2350 arca
334 2306 453 2365 foederto
468 2306 513 2353 sive
528 2320 587 2352 arca
592 2309 649 2368 foe

29 2373 90 2419 deris
100 2375 215 2458 Impone,
230 2378 275 2429 sire
290 2392 348 2425 area
361 2379 459 2428 Jetorae
474 2377 597 2443 prorniscue
609 2396 650 2443 ap-

36 2509 168 2529 Μ
602 2451 655 2540 pel·

47 2542 97 2588 (ὅῦ)
121 2558 141 2584 v.
153 2547 218 2586 Geren,
230 2545 243 2583 1.
254 2544 267 2583 l.
279 2543 293 2595 ᾗ
305 2543 335 2584 60.
348 2550 388 2585 not.
400 2547 418 2588 ὅ,
430 2562 449 2600 p,
461 2557 503 2585 ara.

314 2606 335 2650 D
352 2620 365 2649 2
543 2621 544 2624 ¹
