1523 2912
264 183 305 246 ...p‘
336 177 372 243 ἃ*
394 177 447 261 ⁹)-a-

5 374 7 376 -
44 341 72 386 ito
92 346 116 384 ut
136 338 242 410 repertorii
259 335 325 383 instar
339 331 393 379 liber
409 333 454 380 eius
471 331 546 383 haheat
536 341 579 384 t.ur
611 338 667 398 Bre-

0 427 4 456 ῖ
43 422 91 468 vius
113 427 135 466 et
149 419 286 478 concinnius,
302 412 424 479 siquidem
440 413 504 464 verba
519 425 615 494 spectas,
636 422 664 471 ed

42 518 113 552 rerum
135 518 186 549 vero
206 501 265 568 quod
281 498 355 548 attinet
370 495 538 561 expositionem,
560 517 604 549 non
619 503 666 551 mi.

42 600 83 634 nus
102 582 181 636 sedulo,
198 593 220 631 et
244 589 339 630 accurute
360 588 420 627 suum
435 580 531 629 Wettius
546 598 591 632 rem
607 586 666 652 egit,

6 718 7 722 Ἰ
42 682 93 714 eum
107 656 259 732 insymbolis
273 681 298 711 ac
313 663 368 710 hanc
381 654 527 726 disciplinam,
549 671 595 713 tum
611 676 663 717 v'ero
696 686 699 695 ⁴

41 732 72 795 in
86 732 225 813 compendio.
254 748 314 796 'Non
333 746 387 793 alius
407 751 423 791 a'
438 732 666 814 sententiaveter‘um
698 771 702 775 ι

40 817 125 892 longios
147 815 276 888 recesserat,
299 844 344 875 nou
366 826 419 874 elius
442 835 505 874 s'ueun
520 828 598 886 fortius
613 848 666 894 pro„-
689 839 691 845 '

41 920 172 975 pugnaverat
183 900 321 972 opinionem,
340 907 451 959 nonelius
466 907 558 973 denique
572 913 665 959 severius

3 1009 7 1036 ε
42 991 178 1056 redarguerat
189 1001 228 1040 aut
246 1010 335 1050 eorum,
350 992 449 1054 quiante
461 991 558 1048 fuerant,
572 1004 667 1053 errores,-

26 1080 27 1085 ’
42 1083 78 1121 ant
88 1071 185 1126 universe
197 1090 284 1122 ornnem
300 1073 428 1137 opinionum
443 1066 595 1124 diversitatem.
617 1075 668 1125 Non

43 1161 85 1201 une
106 1155 139 1204 de¹
152 1157 274 1205 auctoribus
298 1155 402 1203 librorum
412 1151 413 1154 ’
423 1152 553 1211 Sacrorum,
576 1148 627 1202 uam
642 1158 669 1206 ad.

3 1289 5 1291 r
42 1237 69 1287 N.
86 1225 122 1287 T,
140 1255 227 1304 quoque
250 1237 346 1286 traducta
367 1243 399 1282 est
419 1233 553 1299 discipline,
566 1238 667 1287 omnibus

42 1319 75 1366 his
98 1320 148 1366 viris
163 1320 205 1366 fuit
220 1318 330 1367 sententie
362 1317 439 1380 Longe
459 1310 549 1395 plurimi
572 1319 594 1367 id
616 1337 670 1386 age-

42 1398 107 1459 bant,
122 1410 147 1450 ut
161 1401 281 1460 efficerent,
296 1399 366 1447 multo
379 1391 516 1445 recentiorem
521 1410 603 1465 ,quam
615 1414 670 1467 quae

18 1497 19 1500 ’
36 1484 109 1550 ¹reigo
124 1491 165 1529 stet
166 1491 226 1530 uerat
227 1501 266 1541 ur,
286 1483 325 1528 iis
337 1481 374 1527 'adt
374 1480 500 1528 ribuendam
515 1498 561 1529 esse
572 1493 669 1535 aetatem.

0 1579 1 1582 ’
44 1563 89 1612 Sed
100 1582 200 1629 processu
213 1563 316 1628 temporis
331 1562 390 1631 aiio,
400 1570 424 1609 ut
442 1563 473 1616 ita
487 1561 571 1622 dicein,
589 1557 670 1615 familia

4 1646 5 1650 ’
45 1647 136 1705 exstitit,
146 1663 200 1713 quae
215 1645 255 1693 hac
268 1645 314 1710 ipsa
330 1653 424 1691 uteretur
438 1636 608 1693 Introductionis
623 1649 670 1696 dis-
729 1683 731 1687 ι

45 1726 136 1790 ciplina,
155 1726 182 1776 ed
201 1727 375 1793 antiquissimum
389 1723 474 1773 Codicis
490 1723 548 1774 Sacri
563 1728 670 1793 originem

44 1808 159 1868 tuendam,
180 1810 223 1875 pris
224 1809 335 1874 tinemque
355 1806 400 1855 eius
415 1807 539 1872 gravitatem
556 1820 581 1856 ac
596 1811 670 1877 digni

44 1897 119 1952 tutem,
132 1911 188 1959 quae
202 1895 270 1958 magis
285 1890 400 1957 magisque
416 1890 543 1938 conclamate
557 1900 579 1938 et
592 1893 671 1959 despee

44 1981 88 2020 rate
111 1975 234 2034 videbatur,
251 1973 410 2022 restituendam.
440 1972 510 2050 Quas
529 1974 558 2022 V.
576 1975 601 2024 F.
617 1978 670 2028 red

46 2052 94 2102 dere
115 2056 196 2104 studuit
217 2055 324 2122 Jahnius,
348 2067 399 2102 cum
418 2054 442 2103 in
461 2054 537 2114 maiori
551 2057 670 2107 Introduc

45 2137 120 2197 tione,
142 2147 190 2187 tum
208 2126 233 2186 in
254 2137 402 2204 Compendio,
425 2138 483 2205 quod
504 2154 573 2202 nuper
589 2140 670 2189 Aclrer-

47 2204 155 2278 sisennius,
163 2221 200 2268 uir
208 2218 240 2268 cl.
229 2252 247 2279 .,
260 2230 309 2269 auct
310 2221 445 2286 umrepetiit.
465 2220 506 2269 Hic
516 2221 600 2269 Veteris
613 2224 670 2272 Foo·

46 2299 101 2347 deris
128 2320 225 2351 caussam
248 2304 354 2367 imprimis
379 2305 491 2362 sustinuit,
518 2293 672 2365 Becirhausio,

47 2380 217 2443 St'uudlinio,1i
217 2384 307 2448 deyero,
329 2384 418 2450 aliisque
438 2385 527 2443 multis,
550 2387 605 2452 quin
622 2389 669 2452 ipso

49 2477 111 2526 saepe
132 2461 273 2525 EichliorniO,
295 2466 455 2531 opitulantibus
493 2470 551 2519 Novi
570 2469 685 2530 Foederis.

49 2560 145 2597 corissum
169 2550 275 2611 praedare
297 2546 474 2618 dixit->Hugius„
497 2548 536 2616 qui
549 2552 634 2601 sortasse
650 2544 681 2602 etv

630 2635 672 2683 do„
